% Brain Decoding

@article{haynes2006decoding,
  title={Decoding mental states from brain activity in humans},
  author={Haynes, John-Dylan and Rees, Geraint},
  journal={Nature Reviews Neuroscience},
  volume={7},
  number={7},
  pages={523--534},
  year={2006},
  publisher={Nature Publishing Group}
}


@article{kay2008identifying,
  title={Identifying natural images from human brain activity},
  author={Kay, Kendrick N and Naselaris, Thomas and Prenger, Ryan J and Gallant, Jack L},
  journal={Nature},
  volume={452},
  number={7185},
  pages={352--355},
  year={2008},
  publisher={Nature Publishing Group}
}

@article{spiers2007decoding,
  title={Decoding human brain activity during real-world experiences},
  author={Spiers, Hugo J and Maguire, Eleanor A},
  journal={Trends in cognitive sciences},
  volume={11},
  number={8},
  pages={356--365},
  year={2007},
  publisher={Elsevier}
}


@article{cho2011does,
  title={How does a child solve 7+ 8? Decoding brain activity patterns associated with counting and retrieval strategies},
  author={Cho, Soohyun and Ryali, Srikanth and Geary, David C and Menon, Vinod},
  journal={Developmental science},
  volume={14},
  number={5},
  pages={989--1001},
  year={2011},
  publisher={Wiley Online Library}
}


@article{nishimoto2011reconstructing,
  title={Reconstructing visual experiences from brain activity evoked by natural movies},
  author={Nishimoto, Shinji and Vu, An T and Naselaris, Thomas and Benjamini, Yuval and Yu, Bin and Gallant, Jack L},
  journal={Current Biology},
  volume={21},
  number={19},
  pages={1641--1646},
  year={2011},
  publisher={Elsevier}
}

@article{formisano2008saying,
  title={" Who" Is Saying" What"? Brain-Based Decoding of Human Voice and Speech},
  author={Formisano, Elia and De Martino, Federico and Bonte, Milene and Goebel, Rainer},
  journal={Science},
  volume={322},
  number={5903},
  pages={970--973},
  year={2008},
  publisher={American Association for the Advancement of Science}
}

@article{naselaris2009bayesian,
  title={Bayesian reconstruction of natural images from human brain activity},
  author={Naselaris, Thomas and Prenger, Ryan J and Kay, Kendrick N and Oliver, Michael and Gallant, Jack L},
  journal={Neuron},
  volume={63},
  number={6},
  pages={902--915},
  year={2009},
  publisher={Elsevier}
}



% Rapid Serial Visual Presentation


@article{shapiro1994attention,
  title={Attention to visual pattern information produces the attentional blink in rapid serial visual presentation.},
  author={Shapiro, Kimron L and Raymond, Jane E and Arnell, Karen M},
  journal={Journal of Experimental psychology: Human perception and performance},
  volume={20},
  number={2},
  pages={357},
  year={1994},
  publisher={American Psychological Association}
}

@inproceedings{de2000rapid,
  title={Rapid serial visual presentation: a space-time trade-off in information presentation},
  author={de Bruijn, Oscar and Spence, Robert},
  booktitle={Advanced visual interfaces},
  pages={189--192},
  year={2000}
}


@article{potter1999understanding,
  title={Understanding sentences and scenes: The role of conceptual short-term memory},
  author={Potter, Mary C},
  journal={Fleeting memories: Cognition of brief visual stimuli},
  pages={13--46},
  year={1999}
}


@article{potter1984rapid,
  title={Rapid serial visual presentation (RSVP): A method for studying language processing},
  author={Potter, Mary C},
  journal={New methods in reading comprehension research},
  volume={118},
  pages={91--118},
  year={1984},
  publisher={Hillsdale, NJ: Erlbaum}
}

@article{nieuwenstein2006temporal,
  title={Temporal limits of selection and memory encoding a comparison of whole versus partial report in rapid serial visual presentation},
  author={Nieuwenstein, Mark R and Potter, Mary C},
  journal={Psychological Science},
  volume={17},
  number={6},
  pages={471--475},
  year={2006},
  publisher={SAGE Publications}
}

@article{forster1970visual,
  title={Visual perception of rapidly presented word sequences of varying complexity},
  author={Forster, Kenneth I},
  journal={Perception \& Psychophysics},
  volume={8},
  number={4},
  pages={215--221},
  year={1970},
  publisher={Springer}
}

@article{potter1969recognition,
  title={Recognition memory for a rapid sequence of pictures.},
  author={Potter, Mary C and Levy, Ellen I},
  journal={Journal of experimental psychology},
  volume={81},
  number={1},
  pages={10},
  year={1969},
  publisher={American Psychological Association}
}


@article{fine1995scrolled,
  title={Scrolled and rapid serial visual presentation texts are read at similar rates by the visually impaired},
  author={Fine, Elisabeth M and Peli, Eli},
  journal={JOSA A},
  volume={12},
  number={10},
  pages={2286--2292},
  year={1995},
  publisher={Optical Society of America}
}


@article{potter1975time,
  title={Time to understand pictures and words},
  author={Potter, Mary C and Faulconer, Barbara A},
  journal={Nature},
  volume={253},
  pages={437--438},
  year={1975}
}


@article{potter1993very,
  title={Very short-term conceptual memory},
  author={Potter, Mary C},
  journal={Memory \& Cognition},
  volume={21},
  number={2},
  pages={156--161},
  year={1993},
  publisher={Springer}
}



@misc{slate2014,
title= {Don't Mock Speed-Reading Apps. They Are Life-Changing.},
author = {Jim Pagels},
publisher={Slate.com},
howpublished = "\url{http://www.slate.com/blogs/future_tense/2014/03/03/spritz_spreeder_rsvp_technology_speed_reading_apps_are_amazing.html}",
note = "[last accessed 10-February-2015]",
year = {2014}
}

@article{smith2013effect,
  title={The effect of word predictability on reading time is logarithmic},
  author={Smith, Nathaniel J and Levy, Roger},
  journal={Cognition},
  volume={128},
  number={3},
  pages={302--319},
  year={2013},
  publisher={Elsevier}
}


@article{just1992capacity,
  title={A capacity theory of comprehension: individual differences in working memory.},
  author={Just, Marcel A and Carpenter, Patricia A},
  journal={Psychological review},
  volume={99},
  number={1},
  pages={122},
  year={1992},
  publisher={American Psychological Association}
}


@article{daneman1980individual,
  title={Individual differences in working memory and reading},
  author={Daneman, Meredyth and Carpenter, Patricia A},
  journal={Journal of verbal learning and verbal behavior},
  volume={19},
  number={4},
  pages={450--466},
  year={1980},
  publisher={Elsevier}
}

@article{klimesch1999eeg,
  title={EEG alpha and theta oscillations reflect cognitive and memory performance: a review and analysis},
  author={Klimesch, Wolfgang},
  journal={Brain research reviews},
  volume={29},
  number={2},
  pages={169--195},
  year={1999},
  publisher={Elsevier}
}

@article{klimesch1996memory,
  title={Memory processes, brain oscillations and EEG synchronization},
  author={Klimesch, Wolfgang},
  journal={International Journal of Psychophysiology},
  volume={24},
  number={1},
  pages={61--100},
  year={1996},
  publisher={Elsevier}
}

@article{weiss2000long,
  title={Long-range EEG synchronization during word encoding correlates with successful memory performance},
  author={Weiss, Sabine and Rappelsberger, Peter},
  journal={Cognitive Brain Research},
  volume={9},
  number={3},
  pages={299--312},
  year={2000},
  publisher={Elsevier}
}

@article{khader2011eeg,
  title={EEG power changes reflect distinct mechanisms during long-term memory retrieval},
  author={Khader, Patrick H and R{\"o}sler, Frank},
  journal={Psychophysiology},
  volume={48},
  number={3},
  pages={362--369},
  year={2011},
  publisher={Wiley Online Library}
}

@article{sterman1996spectral,
  title={Spectral analysis of event-related EEG responses during short-term memory performance},
  author={Sterman, M Barry and Kaiser, David A and Veigel, Bettina},
  journal={Brain topography},
  volume={9},
  number={1},
  pages={21--30},
  year={1996},
  publisher={Springer}
}

@article{wagner1998building,
  title={Building memories: remembering and forgetting of verbal experiences as predicted by brain activity},
  author={Wagner, Anthony D and Schacter, Daniel L and Rotte, Michael and Koutstaal, Wilma and Maril, Anat and Dale, Anders M and Rosen, Bruce R and Buckner, Randy L},
  journal={Science},
  volume={281},
  number={5380},
  pages={1188--1191},
  year={1998},
  publisher={American Association for the Advancement of Science}
}

@article{fletcher1998functional,
  title={The functional roles of prefrontal cortex in episodic memory. I. Encoding.},
  author={Fletcher, PC and Shallice, T and Dolan, RJ},
  journal={Brain},
  volume={121},
  number={7},
  pages={1239--1248},
  year={1998},
  publisher={Oxford Univ Press}
}

@article{tulving1994hemispheric,
  title={Hemispheric encoding/retrieval asymmetry in episodic memory: positron emission tomography findings},
  author={Tulving, Endel and Kapur, Shitu and Craik, FI and Moscovitch, Morris and Houle, Sylvain},
  journal={Proceedings of the National Academy of Sciences},
  volume={91},
  number={6},
  pages={2016--2020},
  year={1994},
  publisher={National Acad Sciences}
}

@article{miltner1999coherence,
  title={Coherence of gamma-band EEG activity as a basis for associative learning},
  author={Miltner, Wolfgang HR and Braun, Christoph and Arnold, Matthias and Witte, Herbert and Taub, Edward},
  journal={Nature},
  volume={397},
  number={6718},
  pages={434--436},
  year={1999},
  publisher={Nature Publishing Group}
}

@article{pulvermuller1995spectral,
  title={Spectral responses in the gamma-band: physiological signs of higher cognitive processes?.},
  author={Pulverm{\"u}ller, Friedemann and Lutzenberger, Werner and Preil, Hubert and Birbaumer, Niels},
  journal={Neuroreport},
  volume={6},
  number={15},
  pages={2059--2064},
  year={1995},
  publisher={LWW}
}


@article{merrill2015,
title = {Improving Physiological Signal Classification Using Logarithmic Quantization and a Progressive Calibration Technique},
author = {Merrill, Nicolas and Maillart, Thomas and Johnson, Benjamin and Chuang, John},
journal = {2nd International Conference on Physiological Computing Systems (PhyCS'15)},
year = {2015}
}

@article{klimesch1990alpha,
  title={Alpha frequency and memory performance.},
  author={Klimesch, Wolfgang and Schimke, H and Ladurner, G and Pfurtscheller, G},
  journal={Journal of Psychophysiology},
  year={1990},
  publisher={Hogrefe \& Huber Publishers}
}


@article{lubar1995evaluation,
  title={Evaluation of the effectiveness of EEG neurofeedback training for ADHD in a clinical setting as measured by changes in TOVA scores, behavioral ratings, and WISC-R performance},
  author={Lubar, Joel F and Swartwood, Michie Odle and Swartwood, Jeffery N and O'Donnell, Phyllis H},
  journal={Biofeedback and Self-regulation},
  volume={20},
  number={1},
  pages={83--99},
  year={1995},
  publisher={Springer}
}

@article{fuchs2003neurofeedback,
  title={Neurofeedback treatment for attention-deficit/hyperactivity disorder in children: a comparison with methylphenidate},
  author={Fuchs, Thomas and Birbaumer, Niels and Lutzenberger, Werner and Gruzelier, John H and Kaiser, Jochen},
  journal={Applied psychophysiology and biofeedback},
  volume={28},
  number={1},
  pages={1--12},
  year={2003},
  publisher={Springer}
}



@article{galan2008brain,
  title={A brain-actuated wheelchair: asynchronous and non-invasive brain--computer interfaces for continuous control of robots},
  author={Gal{\'a}n, Ferran and Nuttin, Marnix and Lew, Eileen and Ferrez, Pierre W and Vanacker, Gerolf and Philips, Johan and Mill{\'a}n, J del R},
  journal={Clinical Neurophysiology},
  volume={119},
  number={9},
  pages={2159--2169},
  year={2008},
  publisher={Elsevier}
}



@article{daly2008brain,
  title={Brain--computer interfaces in neurological rehabilitation},
  author={Daly, Janis J and Wolpaw, Jonathan R},
  journal={The Lancet Neurology},
  volume={7},
  number={11},
  pages={1032--1043},
  year={2008},
  publisher={Elsevier}
}



@article{marslen1980temporal,
  title={The temporal structure of spoken language understanding},
  author={Marslen-Wilson, William and Tyler, Lorraine Komisarjevsky},
  journal={Cognition},
  volume={8},
  number={1},
  pages={1--71},
  year={1980},
  publisher={Elsevier}
}

@article{weiss2003contribution,
  title={The contribution of EEG coherence to the investigation of language},
  author={Weiss, Sabine and Mueller, Horst M},
  journal={Brain and language},
  volume={85},
  number={2},
  pages={325--343},
  year={2003},
  publisher={Elsevier}
}

@article{kutas1987event,
  title={Event-related brain potentials (ERPs) elicited during rapid serial visual presentation of congruous and incongruous sentences},
  author={Kutas, Marta},
  journal={Current trends in event-related potential research (EEG Suppl. 40)},
  pages={406--411},
  year={1987}
}

@article{camblin2007processing,
  title={Processing new and repeated names: Effects of coreference on repetition priming with speech and fast RSVP},
  author={Camblin, C Christine and Ledoux, Kerry and Boudewyn, Megan and Gordon, Peter C and Swaab, Tamara Y},
  journal={Brain Research},
  volume={1146},
  pages={172--184},
  year={2007},
  publisher={Elsevier}
}




@article{weiss2005increased,
  title={Increased neuronal communication accompanying sentence comprehension},
  author={Weiss, Sabine and Mueller, Horst M and Schack, Baerbel and King, Jonathan W and Kutas, Martha and Rappelsberger, Peter},
  journal={International Journal of Psychophysiology},
  volume={57},
  number={2},
  pages={129--141},
  year={2005},
  publisher={Elsevier}
}

@article{kujala2007phase,
  title={Phase coupling in a cerebro-cerebellar network at 8--13 Hz during reading},
  author={Kujala, Jan and Pammer, Kristen and Cornelissen, Piers and Roebroeck, Alard and Formisano, Elia and Salmelin, Riitta},
  journal={Cerebral Cortex},
  volume={17},
  number={6},
  pages={1476--1485},
  year={2007},
  publisher={Oxford Univ Press}
}





@book{beeman1998right,
  title={Right hemisphere language comprehension: Perspectives from cognitive neuroscience},
  author={Beeman, Mark and Chiarello, Christine},
  year={1998},
  publisher={Psychology Press}
}

@book{pulvermuller2002neuroscience,
  title={The neuroscience of language: on brain circuits of words and serial order},
  author={Pulverm{\"u}ller, Friedemann},
  year={2002},
  publisher={Cambridge University Press}
}


@article{keller2009broca,
  title={Broca’s area: nomenclature, anatomy, typology and asymmetry},
  author={Keller, Simon S and Crow, Timothy and Foundas, Anne and Amunts, Katrin and Roberts, Neil},
  journal={Brain and language},
  volume={109},
  number={1},
  pages={29--48},
  year={2009},
  publisher={Elsevier}
}

@article{brouwer2010tactile,
  title={A tactile P300 brain-computer interface},
  author={Brouwer, Anne-Marie and Van Erp, Jan BF},
  journal={Frontiers in neuroscience},
  volume={4},
  pages={19},
  year={2010},
  publisher={Frontiers}
}

@article{johnstone2012eeg,
  title={EEG from a single-channel dry-sensor recording device},
  author={Johnstone, Stuart J and Blackman, Russell and Bruggemann, Jason M},
  journal={Clinical EEG and neuroscience},
  volume={43},
  number={2},
  pages={112--120},
  year={2012},
  publisher={SAGE Publications}
}


@misc{BCIfighterJet2015,
  title = {Woman Controls a Fighter Jet Sim Using Only Her Mind},
  howpublished = {\url{http://www.wired.com/2015/03/woman-controls-fighter-jet-sim-using-mind/}},
  note = {Accessed: 2015-03-05}
}

http://www.wired.com/2015/03/woman-controls-fighter-jet-sim-using-mind/


@book{lanham2006economics,
  title={The economics of attention: Style and substance in the age of information},
  author={Lanham, Richard A},
  year={2006},
  publisher={University of Chicago Press}
}



